@article{li2022diffusion,
  title={Diffusion-LM Improves Controllable Text Generation},
  author={Li, Xiang Lisa and Thickstun, John and Gulrajani, Ishaan and Liang, Percy and Hashimoto, Tatsunori B},
  journal={arXiv preprint arXiv:2205.14217},
  year={2022}
}
